@BOOK{intel:1,
    AUTHOR="Intel Corporation",
    TITLE="Intel 64 and IA-32 Architectures Software Developer's Manual Volume 1: Basic Architecture",
    PUBLISHER="Intel Corporation",
    YEAR="2020",
}

@online{phrack:smashing_the_stack_for_fun_and_profit,
    AUTHOR = "Aleph1",
    TITLE = "Smashing The Stack For Fun And Profit",
    URL = "http://phrack.org/issues/49/14.html",
    addendum = "(accessed: 10/4/2021)",
    keywords = "phrack, stack smashing, stack overflow",
}

@online{ctf101:stack_canary,
    AUTHOR = "OSIRIS Lab",
    TITLE = "Stack canaries",
    URL = "https://ctf101.org/binary-exploitation/stack-canaries",
    addendum = "(accessed: 6/3/2021)",
    keywords = "stack, canary, stack canary",
}

@online{osdev:stack_smashing,
    AUTHOR = "osdev.org",
    TITLE = "Stack smashing protector",
    URL = "https://wiki.osdev.org/Stack_Smashing_Protector",
    addendum = "(accessed: 6/3/2021)",
    keywords = "stack, smashing, stack smashing, stack canary, canary",
}

@online{stanford:format_strings,
    AUTHOR = "SCUT and TESO Security Group",
    TITLE = "Exploiting Format String vulnerabilities",
    URL = "https://crypto.stanford.edu/cs155old/cs155-spring08/papers/formatstring-1.2.pdf",
    addendum = "(accessed: 17/3/2021)",
    keywords = "exploits, format strings",
}

@online{rop:paper,
    AUTHOR = "Ryan Roemer and Erik Buchanan and Hovav Shacham and Stefan Savage",
    TITLE = "Return-Oriented Programming: Systems, Languages, and Applications",
    URL = "https://hovav.net/ucsd/dist/rop.pdf",
    addendum = "(accessed: 17/3/2021)",
    keywords = "rop, ret2libc, nx",
}

@online{qualys:baron_samedit,
    AUTHOR = "Qualys",
    TITLE = "CVE-2021-3156: Heap-Based Buffer Overflow in Sudo (Baron Samedit)",
    URL = "https://blog.qualys.com/vulnerabilities-research/2021/01/26/cve-2021-3156-heap-based-buffer-overflow-in-sudo-baron-samedit",
    addendum = "(accessed: 17/3/2021)",
    keywords = "heap overflow, cve",
}

@incollection{fuzzingbook2019:index,
    author = {Andreas Zeller and Rahul Gopinath and Marcel B{\"o}hme and Gordon Fraser and Christian Holler},
    booktitle = {The Fuzzing Book},
    title = {The Fuzzing Book},
    year = {2019},
    publisher = {Saarland University},
    howpublished = {\url{https://www.fuzzingbook.org/}},
    note = {Retrieved 2019-09-09 16:42:54+02:00},
    url = {https://www.fuzzingbook.org/},
    urldate = {2019-09-09 16:42:54+02:00},
}

@online{afl:docs,
    AUTHOR = "Google",
    TITLE = "AFL (american fuzzy lop)",
    URL = "https://afl-1.readthedocs.io/en/latest/index.html",
    addendum = "(accessed: 17/3/2021)",
    keywords = "afl, fuzzing, instrumentation",
}

@online{checksec:github,
    AUTHOR = "Robin David",
    TITLE = "checksec",
    URL = "https://github.com/RobinDavid/checksec/blob/master/checksec.sh",
    addendum = "(accessed: 24/3/2021)",
    keywords = "binary, security, stack canary, nx, aslr, pie",
}

@online{sadosky:format,
    AUTHOR = "Fundación Sadosky",
    TITLE = "Guía de exploits",
    URL = "https://fundacion-sadosky.github.io/guia-escritura-exploits/format-string/5-format-string.html",
    addendum = "(accessed: 24/3/2021)",
    keywords = "format strings",
}

@online{codearcana:fmt,
    AUTHOR = "Code Arcana",
    TITLE = "Introduction to format string exploits",
    URL = "https://codearcana.com/posts/2013/05/02/introduction-to-format-string-exploits.html",
    addendum = "(accessed: 28/3/2021)",
    keywords = "format strings",
}

@online{boisestate:fmt,
    AUTHOR = "Jyh-haw Yeh",
    TITLE = "Format String Vulnerability",
    URL = "http://cs.boisestate.edu/~jhyeh/cs546/Format-String-Lecture.pdf",
    addendum = "(accessed: 28/3/2021)",
    keywords = "format strings",
}

@online{fengwei:fmt,
    AUTHOR = "Fengwei Zhang",
    TITLE = "Format-String Vulnerability",
    URL = "https://fengweiz.github.io/19fa-cs315/slides/lab10-slides-format-string.pdf",
    addendum = "(accessed: 28/3/2021)",
    keywords = "format strings",
}

@online{ironstone:binexp,
    AUTHOR = "ir0nstone",
    TITLE = "Binary explotation notes",
    URL = "https://ir0nstone.gitbook.io/notes/",
    addendum = "(accessed: 31/3/2021)",
    keywords = "binary exploitation",
}

@online{glibc:malloc,
    TITLE = "MallocInternals",
    URL = "https://sourceware.org/glibc/wiki/MallocInternals",
    addendum = "(accessed: 2/4/2021)",
    keywords = "heap, malloc, glibc",
}

@online{corelan:bypass,
    AUTHOR = "Peter Van Eeckhoutte",
    TITLE = "Exploit writing tutorial part 6 : Bypassing Stack Cookies, SafeSeh, SEHOP, HW DEP and ASLR",
    URL = "https://www.corelan.be/index.php/2009/09/21/exploit-writing-tutorial-part-6-bypassing-stack-cookies-safeseh-hw-dep-and-aslr/",
    addendum = "(accessed: 6/4/2021)",
    keywords = "stack overflow, bypass, stack canary, aslr, dep",
}

@online{phrack:vudo_malloc_tricks,
    AUTHOR = "MaXX",
    TITLE = "Vudo malloc tricks",
    URL = "http://phrack.org/issues/57/8.html#article",
    addendum = "(accessed: 10/4/2021)",
    keywords = "heap exploitation, heap overflow, phrack",
}

@online{phrack:once_upon_a_free,
    AUTHOR = "Anonymous",
    TITLE = "Once upon a free",
    URL = "http://phrack.org/issues/57/9.html",
    addendum = "(accessed: 3/5/2021)",
    keywords = "heap exploitation, malloc",
}

@online{phrack:malloc_maleficarum,
    AUTHOR = "Phantasmal Phantasmagorial",
    TITLE = "Malloc Malleficarum",
    URL = "https://packetstormsecurity.com/files/40638/MallocMaleficarum.txt.html",
    addendum = "(accessed: 3/5/2021)",
    keywords = "heap exploitation, malloc, glibc",
}

@online{srop:paper,
    AUTHOR = "Eik Bosman and Herbert Bos",
    TITLE = "Signal-return oriented programming",
    URL = "https://www.cs.vu.nl/~herbertb/papers/srop_sp14.pdf",
    addendum = "(accessed: 8/5/2021)",
    keywords = "syscall, linux, unix, rop, srop",
}

@online{ret2dlresolve,
    AUTHOR = "Ungureanu Ricardo",
    TITLE = "0ctf babystack with return-to dl-resolve",
    URL = "https://gist.github.com/ricardo2197/8c7f6f5b8950ed6771c1cd3a116f7e62",
    addendum = "(accesses: 9/5/2021)",
    keywords = "ret2, ret2dlresolve, plt, got",
}

@online{phrack:ret2dlresolve,
    AUTHOR = "Nergal",
    TITLE = "Advanced return-into-lib(c) exploits [PaX case study]",
    URL = "http://phrack.org/issues/58/4.html",
    addendum = "(accessed: 9/5/2021)",
    keywords = "ret2, ret2dlresolve, phrack, PaX",
}

@online{ret2csu,
    AUTHOR = "Dr. Hector Marco-Gisbert and Dr. Ismael Ripoll-Ripoll",
    TITLE = "return-to-csu:  A New Method toBypass 64-bit Linux ASLR",
    URL = "https://i.blackhat.com/briefings/asia/2018/asia-18-Marco-return-to-csu-a-new-method-to-bypass-the-64-bit-Linux-ASLR-wp.pdf",
    addendum = "(accessed: 9/5/2021)",
    keywords = "ret2csu, ret2, rop, gadget",
}

@online{binexp_windows,
    AUTHOR = "Atum",
    TITLE = "Intro to Windows Exploit Techniques for Linux PWNers",
    URL = "https://blog.pwnhub.cn/download/01/WinPWN.pdf",
    addendum = "(accessed: 11/5/2021)",
    keywords = "windows, pwn, exploits",
}

@online{nist:cve_2021_3156,
    AUTHOR = "NIST",
    TITLE = "CVE-2021-3156 Detail",
    URL = "https://nvd.nist.gov/vuln/detail/CVE-2021-3156",
    addendum = "(accessed: 12/05/2021)",
    keywords = "baron samedit",
}

@online{mitre:cwd_193,
    AUTHOR = "Mitre",
    TITLE = "CWE-193: Off-by-one Error",
    URL = "https://cwe.mitre.org/data/definitions/193.html",
    addendum = "(accessed: 12/05/2021)",
    keywords = "cwe, mitre",
}

@online{mitre:cve_2021_3156,
    AUTHOR = "Mitre",
    TITLE = "CVE-2021-3156",
    URL = "https://cve.mitre.org/cgi-bin/cvename.cgi?name=CVE-2021-3156",
    addendum = "(accessed: 12/05/2021)",
    keywords = "baron samedit",
}

@online{baron_samedit_advisory,
    AUTHOR = "Qualys Research Team",
    TITLE = "Baron Samedit: Heap-based buffer overflow in Sudo (CVE-2021-3156)",
    URL = "https://www.qualys.com/2021/01/26/cve-2021-3156/baron-samedit-heap-based-overflow-sudo.txt",
    addendum = "(accessed: 14/05/2021)",
    keywords = "baron samedit",
}

@online{baron_samedit:writeup,
    AUTHOR = "Worawit Wangwarunyoo",
    TITLE = "Exploit Writeup for CVE-2021-3156 (Sudo Baron Samedit)",
    URL = "https://datafarm-cybersecurity.medium.com/exploit-writeup-for-cve-2021-3156-sudo-baron-samedit-7a9a4282cb31",
    addendum = "(accessed: 14/05/2021)",
    keywords = "baron samedit",
}

@online{ret2dlresolve:plt_got,
    AUTHOR = "D3v17",
    TITLE = "Ret2dl\_resolve x64",
    URL = "https://syst3mfailure.io/ret2dl_resolve",
    addendum = "(accessed 31/05/2021)",
    keywords = "ret2dlresolve",
}

@online{microsoft:fuzzing,
  AUTHOR = "Patrice Godefroid",
  TITLE = "A brief introduction to fuzzing and why it’s an important tool for developers",
  URL = "https://www.microsoft.com/en-us/research/blog/a-brief-introduction-to-fuzzing-and-why-its-an-important-tool-for-developers/",
  addendum = "(accesses: 31/05/2021)",
  keywords = "fuzzing",
}

@online{clusterfuzz:code_coverage_vs_blackbox,
  AUTHOR = "Google",
  TITLE = "Coverage guided vs blackbox fuzzing",
  URL = "https://google.github.io/clusterfuzz/reference/coverage-guided-vs-blackbox/",
  addendum = "(accessed: 2/6/2021)",
  keywords = "fuzzing, code coverage, blackbox",
}

@online{structure_aware_fuzzing,
  AUTHOR = "Réka Kováca",
  TITLE = "Structure-aware fuzzing",
  URL = "https://meetingcpp.com/mcpp/slides/2018/Structured%20fuzzing.pdf",
  addendum = "(accessed: 2/06/2021)",
  keywords = "fuzzing",
}

@online{sayfer:fuzzing_theory,
  AUTHOR = "Sayfer.io",
  TITLE = "Fuzzing Part 1: The Theory",
  URL = "https://sayfer.io/blog/fuzzing-part-1-the-theory/",
  addendum = "(accessed: 2/06/2021)",
  keywords = "fuzzing",
}
